<?xml version="1.0" encoding="UTF-8"?>
<bib>
  <mms_id>9936550118202486</mms_id>
  <record_format>marc21</record_format>
  <linked_record_id/>
  <title>MLA handbook.</title>
  <author>Modern Language Association of America.</author>
  <isbn>1603292624</isbn>
  <complete_edition>Eighth edition.</complete_edition>
  <network_numbers>
    <network_number>(OCoLC)930786330</network_number>
    <network_number>ocn930786330</network_number>
    <network_number>(OCoLC)933782335</network_number>
    <network_number>(OCoLC)930010611</network_number>
  </network_numbers>
  <place_of_publication>New York :</place_of_publication>
  <date_of_publication>2016.</date_of_publication>
  <publisher_const>The Modern Language Association of America,</publisher_const>
  <holdings link="https://api-na.hosted.exlibrisgroup.com/almaws/v1/bibs/9936550118202486/holdings"/>
  <created_by>0409360</created_by>
  <created_date>2016-05-08Z</created_date>
  <last_modified_by>System</last_modified_by>
  <last_modified_date>2016-08-13Z</last_modified_date>
  <suppress_from_publishing>false</suppress_from_publishing>
  <suppress_from_external_search>false</suppress_from_external_search>
  <sync_with_oclc>NONE</sync_with_oclc>
  <sync_with_libraries_australia>NONE</sync_with_libraries_australia>
  <originating_system>BACKSTAGE</originating_system>
  <originating_system_id>9936550118202486</originating_system_id>
  <record>
    <leader>06380cam a2200649 i 4500</leader>
    <controlfield tag="001">9936550118202486</controlfield>
    <controlfield tag="005">20160813030736.0</controlfield>
    <controlfield tag="008">151130t20162016nyua bf 001 0 eng</controlfield>
    <datafield ind1=" " ind2=" " tag="010">
      <subfield code="a">2015040898</subfield>
    </datafield>
    <datafield ind1=" " ind2=" " tag="019">
      <subfield code="a">930010611</subfield>
      <subfield code="a">933782335</subfield>
    </datafield>
    <datafield ind1=" " ind2=" " tag="020">
      <subfield code="a">9781603292627</subfield>
      <subfield code="q">paperback ;</subfield>
      <subfield code="q">alkaline paper</subfield>
    </datafield>
    <datafield ind1=" " ind2=" " tag="020">
      <subfield code="a">1603292624</subfield>
      <subfield code="q">paperback ;</subfield>
      <subfield code="q">alkaline paper</subfield>
    </datafield>
    <datafield ind1=" " ind2=" " tag="020">
      <subfield code="z">9781603292641</subfield>
      <subfield code="q">electronic publication</subfield>
    </datafield>
    <datafield ind1=" " ind2=" " tag="020">
      <subfield code="z">1603292640</subfield>
      <subfield code="q">electronic publication</subfield>
    </datafield>
    <datafield ind1=" " ind2=" " tag="020">
      <subfield code="z">9781603292658</subfield>
      <subfield code="q">Kindle</subfield>
    </datafield>
    <datafield ind1=" " ind2=" " tag="020">
      <subfield code="z">1603292659</subfield>
      <subfield code="q">Kindle</subfield>
    </datafield>
    <datafield ind1=" " ind2=" " tag="035">
      <subfield code="a">ocn930786330</subfield>
    </datafield>
    <datafield ind1=" " ind2=" " tag="035">
      <subfield code="a">(OCoLC)930786330</subfield>
    </datafield>
    <datafield ind1=" " ind2=" " tag="035">
      <subfield code="z">(OCoLC)930010611</subfield>
      <subfield code="z">(OCoLC)933782335</subfield>
    </datafield>
    <datafield ind1=" " ind2=" " tag="040">
      <subfield code="a">DLC</subfield>
      <subfield code="b">eng</subfield>
      <subfield code="e">rda</subfield>
      <subfield code="c">DLC</subfield>
      <subfield code="d">YDX</subfield>
      <subfield code="d">YDXCP</subfield>
      <subfield code="d">BDX</subfield>
      <subfield code="d">BTCTA</subfield>
      <subfield code="d">OCLCF</subfield>
      <subfield code="d">HHO</subfield>
      <subfield code="d">COO</subfield>
      <subfield code="d">GZT</subfield>
      <subfield code="d">YBM</subfield>
      <subfield code="d">OSU</subfield>
      <subfield code="d">FDA</subfield>
      <subfield code="d">LTSCA</subfield>
      <subfield code="d">UVV</subfield>
      <subfield code="d">IHX</subfield>
      <subfield code="d">CDX</subfield>
      <subfield code="d">JNE</subfield>
      <subfield code="d">CKK</subfield>
      <subfield code="d">GTA</subfield>
      <subfield code="d">TXM</subfield>
      <subfield code="d">CGN</subfield>
      <subfield code="d">CRH</subfield>
      <subfield code="d">IDU</subfield>
      <subfield code="d">KSU</subfield>
      <subfield code="d">OCL</subfield>
      <subfield code="d">WSL</subfield>
      <subfield code="d">ILC</subfield>
      <subfield code="d">SAD</subfield>
      <subfield code="d">VVV</subfield>
      <subfield code="d">UtOrBLW</subfield>
    </datafield>
    <datafield ind1=" " ind2=" " tag="042">
      <subfield code="a">pcc</subfield>
    </datafield>
    <datafield ind1=" " ind2=" " tag="049">
      <subfield code="a">EMUU</subfield>
    </datafield>
    <datafield ind1="0" ind2="0" tag="050">
      <subfield code="a">LB2369</subfield>
      <subfield code="b">.G53 2016</subfield>
    </datafield>
    <datafield ind1=" " ind2="4" tag="050">
      <subfield code="a">PN203</subfield>
      <subfield code="b">.G53 2016</subfield>
    </datafield>
    <datafield ind1="0" ind2="0" tag="082">
      <subfield code="a">808.02/7</subfield>
      <subfield code="2">23</subfield>
    </datafield>
    <datafield ind1="0" ind2="0" tag="245">
      <subfield code="a">MLA handbook.</subfield>
    </datafield>
    <datafield ind1="3" ind2=" " tag="246">
      <subfield code="a">Modern Language Association handbook</subfield>
    </datafield>
    <datafield ind1="3" ind2=" " tag="246">
      <subfield code="a">MLA handbook eighth edition</subfield>
    </datafield>
    <datafield ind1=" " ind2=" " tag="250">
      <subfield code="a">Eighth edition.</subfield>
    </datafield>
    <datafield ind1=" " ind2="1" tag="264">
      <subfield code="a">New York :</subfield>
      <subfield code="b">The Modern Language Association of America,</subfield>
      <subfield code="c">2016.</subfield>
    </datafield>
    <datafield ind1=" " ind2="4" tag="264">
      <subfield code="c">©2016</subfield>
    </datafield>
    <datafield ind1=" " ind2=" " tag="300">
      <subfield code="a">xiv, 146 pages :</subfield>
      <subfield code="b">illustrations ;</subfield>
      <subfield code="c">23 cm</subfield>
    </datafield>
    <datafield ind1=" " ind2=" " tag="336">
      <subfield code="a">text</subfield>
      <subfield code="b">txt</subfield>
      <subfield code="2">rdacontent</subfield>
    </datafield>
    <datafield ind1=" " ind2=" " tag="337">
      <subfield code="a">unmediated</subfield>
      <subfield code="b">n</subfield>
      <subfield code="2">rdamedia</subfield>
    </datafield>
    <datafield ind1=" " ind2=" " tag="338">
      <subfield code="a">volume</subfield>
      <subfield code="b">nc</subfield>
      <subfield code="2">rdacarrier</subfield>
    </datafield>
    <datafield ind1=" " ind2=" " tag="500">
      <subfield code="a">Previous title: MLA Handbook for writers of research papers.</subfield>
    </datafield>
    <datafield ind1=" " ind2=" " tag="504">
      <subfield code="a">Includes bibliographical references and index.</subfield>
    </datafield>
    <datafield ind1="0" ind2="0" tag="505">
      <subfield code="g">Foreword /</subfield>
      <subfield code="r">Rosemary G. Feal --</subfield>
      <subfield code="g">Preface /</subfield>
      <subfield code="r">Katheen Fitzpatrick. --</subfield>
      <subfield code="g">Part 1.</subfield>
      <subfield code="t">Principles of MLA style:</subfield>
      <subfield code="g">Introduction --</subfield>
      <subfield code="t">Why document sources? --</subfield>
      <subfield code="t">Plagiarism and academic dishonesty --</subfield>
      <subfield code="t">Think : evaluating your sources --</subfield>
      <subfield code="t">Select : gathering information about your sources --</subfield>
      <subfield code="t">Organize : creating your documentation:</subfield>
      <subfield code="t">The list of works cited:</subfield>
      <subfield code="t">The core elements: --</subfield>
      <subfield code="t">Author ;</subfield>
      <subfield code="t">Title of source ;</subfield>
      <subfield code="t">Title of container ;</subfield>
      <subfield code="t">Other contributors ;</subfield>
      <subfield code="t">Version ;</subfield>
      <subfield code="t">Number ;</subfield>
      <subfield code="t">Publisher ;</subfield>
      <subfield code="t">Publication date ;</subfield>
      <subfield code="t">Location --</subfield>
      <subfield code="t">Optional elements --</subfield>
      <subfield code="t">In-text citations. --</subfield>
    </datafield>
    <datafield ind1="8" ind2="0" tag="505">
      <subfield code="g">Part 2.</subfield>
      <subfield code="t">Details of MLA style:</subfield>
      <subfield code="g">Introduction --</subfield>
      <subfield code="g">1.</subfield>
      <subfield code="t">The mechanics of scholarly prose:</subfield>
      <subfield code="g">1.1.</subfield>
      <subfield code="t">Names of persons:</subfield>
      <subfield code="g">1.1.1.</subfield>
      <subfield code="t">First and subsequent uses of names</subfield>
      <subfield code="g">1.2.3.</subfield>
      <subfield code="t">Titles of authors ;</subfield>
      <subfield code="g">1.1.3.</subfield>
      <subfield code="t">Names of authors and ficitonal characters ;</subfield>
      <subfield code="g">1.1.4.</subfield>
      <subfield code="t">Names in languages other than English. --</subfield>
      <subfield code="g">1.2</subfield>
      <subfield code="t">Titles of sources:</subfield>
      <subfield code="g">1.2.1.</subfield>
      <subfield code="t">Capitalization and punctuation ;</subfield>
      <subfield code="g">1.2.2.</subfield>
      <subfield code="t">Italics and quotation marks ;</subfield>
      <subfield code="t">1.2.3.</subfield>
      <subfield code="t">Shortened titles ;</subfield>
      <subfield code="g">1.2.4.</subfield>
      <subfield code="t">Titles within titles ;</subfield>
      <subfield code="g">1.2.5.</subfield>
      <subfield code="t">Titles of sources in languages other than English. --</subfield>
      <subfield code="g">1.3.</subfield>
      <subfield code="t">Quotations:</subfield>
      <subfield code="g">1.3.1.</subfield>
      <subfield code="t">Use and accuracy of quotations ;</subfield>
      <subfield code="g">1.3.2.</subfield>
      <subfield code="t">Prose ;</subfield>
      <subfield code="g">1.3.3.</subfield>
      <subfield code="t">Poetry ;</subfield>
      <subfield code="g">1.3.4.</subfield>
      <subfield code="t">Drama ;</subfield>
      <subfield code="g">1.3.5.</subfield>
      <subfield code="t">Ellipsis ;</subfield>
      <subfield code="g">1.3.6.</subfield>
      <subfield code="t">Other alterations of quotations ;</subfield>
      <subfield code="g">1.3.7.</subfield>
      <subfield code="t">Punctuation with quotations ;</subfield>
      <subfield code="g">1.3.8.</subfield>
      <subfield code="t">Translations of quotations. --</subfield>
      <subfield code="g">1.4.</subfield>
      <subfield code="t">Numbers:</subfield>
      <subfield code="g">1.4.1.</subfield>
      <subfield code="t">Use of numerals or words ;</subfield>
      <subfield code="g">1.4.2.</subfield>
      <subfield code="t">Commas in numbers ;</subfield>
      <subfield code="g">1.4.3.</subfield>
      <subfield code="t">Inclusive numbers ;</subfield>
      <subfield code="g">1.4.4.</subfield>
      <subfield code="t">Roman numerals. --</subfield>
      <subfield code="g">1.5.</subfield>
      <subfield code="t">Dates and times. --</subfield>
      <subfield code="g">1.6.</subfield>
      <subfield code="t">Abbreviations: --</subfield>
      <subfield code="g">1.6.1.</subfield>
      <subfield code="t">Months ;</subfield>
      <subfield code="g">1.6.2.</subfield>
      <subfield code="t">Common academic abbreviations ;</subfield>
      <subfield code="g">1.6.3.</subfield>
      <subfield code="t">Publisher's names ;</subfield>
      <subfield code="g">1.6.4.</subfield>
      <subfield code="t">Titles of works. --</subfield>
    </datafield>
    <datafield ind1="8" ind2="0" tag="505">
      <subfield code="g">2. Works cited:</subfield>
      <subfield code="g">2.1.</subfield>
      <subfield code="t">Names of authors:</subfield>
      <subfield code="g">. 2.1.1.</subfield>
      <subfield code="g">Variant forms ;</subfield>
      <subfield code="g">2.1.2.</subfield>
      <subfield code="t">Titles and suffixes ;</subfield>
      <subfield code="g">2.1.3.</subfield>
      <subfield code="t">Corporate authors. --</subfield>
      <subfield code="g">2.2.</subfield>
      <subfield code="t">Titles:</subfield>
      <subfield code="g">2.2.1.</subfield>
      <subfield code="t">Introduction, preface, foreword, or afterword ;</subfield>
      <subfield code="g">2.2.2.</subfield>
      <subfield code="t">Translations of titles. --</subfield>
      <subfield code="g">2.3.</subfield>
      <subfield code="t">Versions. --</subfield>
      <subfield code="g">2.4.</subfield>
      <subfield code="t">Publisher. --</subfield>
      <subfield code="g">2.5.</subfield>
      <subfield code="t">Locational elements:</subfield>
      <subfield code="g">2.5.1.</subfield>
      <subfield code="t">Plus sign with page number</subfield>
      <subfield code="g">2.5.2.</subfield>
      <subfield code="t">URLS and DOIs. --</subfield>
      <subfield code="g">2.6.</subfield>
      <subfield code="t">Punctuation in the works-cited list:</subfield>
      <subfield code="g">2.6.1.</subfield>
      <subfield code="t">Square brackets ;</subfield>
      <subfield code="g">2.6.2.</subfield>
      <subfield code="t">Foreword slash. --</subfield>
      <subfield code="g">2.7.</subfield>
      <subfield code="t">Formatting and ordering the works-cited list:</subfield>
      <subfield code="g">2.7.1.</subfield>
      <subfield code="t">Letter-by-letter alphabetization ;</subfield>
      <subfield code="g">2.7.2.</subfield>
      <subfield code="t">Multiple works by one author ;</subfield>
      <subfield code="g">2.7.3.</subfield>
      <subfield code="t">Multiple works by coauthors ;</subfield>
      <subfield code="g">2.7.4.</subfield>
      <subfield code="t">Alphabetizing by title ;</subfield>
      <subfield code="g">2.7.5.</subfield>
      <subfield code="t">Cross-references. --</subfield>
    </datafield>
    <datafield ind1="8" ind2="0" tag="505">
      <subfield code="g">3.</subfield>
      <subfield code="t">In-text citations:</subfield>
      <subfield code="g">3.1.</subfield>
      <subfield code="t">Author:</subfield>
      <subfield code="g">3.1.1.</subfield>
      <subfield code="t">Coauthors</subfield>
      <subfield code="g">3.1.2.</subfield>
      <subfield code="t">Corporate author. --</subfield>
      <subfield code="g">3.2</subfield>
      <subfield code="t">Title:</subfield>
      <subfield code="g">3.2.1.</subfield>
      <subfield code="t">Abbreviating titles of sources ;</subfield>
      <subfield code="g">3.2.2.</subfield>
      <subfield code="t">Descriptive terms in place of titles. --</subfield>
      <subfield code="g">3.3</subfield>
      <subfield code="t">Numbers in in-text citations:</subfield>
      <subfield code="g">3.3.1.</subfield>
      <subfield code="t">Style of numerals ;</subfield>
      <subfield code="g">3.3.2.</subfield>
      <subfield code="t">Numbers in works available in multiple editions ;</subfield>
      <subfield code="g">3.3.3.</subfield>
      <subfield code="t">Other citations not involving page numbers. --</subfield>
      <subfield code="g">3.4.</subfield>
      <subfield code="t">Indirect sources. --</subfield>
      <subfield code="g">3.5.</subfield>
      <subfield code="t">Repeated use of sources. --</subfield>
      <subfield code="g">3.6.</subfield>
      <subfield code="t">Punctuation in the in-text citation. --</subfield>
      <subfield code="g">4.</subfield>
      <subfield code="t">Citations in forms other than print. --</subfield>
      <subfield code="g">Practice template. -- Index.</subfield>
    </datafield>
    <datafield ind1="0" ind2=" " tag="505">
      <subfield code="a">Principles of MLA style. Introduction ; Why document sources? ; Plagiarism and academic dishonesty ; Think: evaluating your sources ; Select: gathering information about your sources ; Organize: creating your documentation -- Details of MLA style. Introduction ; The mechanics of scholarly prose ; Works cited ; In-text citations ; Citations in forms other than print.</subfield>
    </datafield>
    <datafield ind1=" " ind2=" " tag="520">
      <subfield code="a">"The Modern Language Association, the authority on research and writing, takes a fresh look at documenting sources in the eighth edition of the MLA Handbook. Works are published today in a dizzying range of formats. A book, for example, may be read in print, online, or as an e-book--or perhaps listened to in an audio version. On the Web, modes of publication are regularly invented, combined, and modified. Previous editions of the MLA Handbook provided separate instructions for each format, and new formats required additional instructions. In this groundbreaking new edition of its best-selling handbook, the MLA recommends instead one universal set of guidelines, which writers can apply to any source."--Back cover.</subfield>
    </datafield>
    <datafield ind1=" " ind2="0" tag="650">
      <subfield code="a">Report writing</subfield>
      <subfield code="v">Handbooks, manuals, etc.</subfield>
    </datafield>
    <datafield ind1=" " ind2="0" tag="650">
      <subfield code="a">Research</subfield>
      <subfield code="v">Handbooks, manuals, etc.</subfield>
    </datafield>
    <datafield ind1=" " ind2="0" tag="650">
      <subfield code="a">Bibliographical citations</subfield>
      <subfield code="v">Handbooks, manuals, etc.</subfield>
    </datafield>
    <datafield ind1=" " ind2="7" tag="650">
      <subfield code="a">Bibliographical citations</subfield>
      <subfield code="2">fast</subfield>
      <subfield code="0">(OCoLC)fst00831333</subfield>
    </datafield>
    <datafield ind1=" " ind2="7" tag="650">
      <subfield code="a">Report writing.</subfield>
      <subfield code="2">fast</subfield>
      <subfield code="0">(OCoLC)fst01094836</subfield>
    </datafield>
    <datafield ind1=" " ind2="7" tag="650">
      <subfield code="a">Research.</subfield>
      <subfield code="2">fast</subfield>
      <subfield code="0">(OCoLC)fst01095153</subfield>
    </datafield>
    <datafield ind1=" " ind2="7" tag="655">
      <subfield code="a">Handbooks and manuals.</subfield>
      <subfield code="2">fast</subfield>
      <subfield code="0">(OCoLC)fst01423877</subfield>
    </datafield>
    <datafield ind1=" " ind2="7" tag="655">
      <subfield code="a">Handbooks and manuals.</subfield>
      <subfield code="2">lcgft</subfield>
    </datafield>
    <datafield ind1="2" ind2=" " tag="710">
      <subfield code="a">Modern Language Association of America.</subfield>
    </datafield>
    <datafield ind1="0" ind2="8" tag="776">
      <subfield code="i">Online version:</subfield>
      <subfield code="t">MLA Handbook.</subfield>
      <subfield code="b">Eighth edition.</subfield>
      <subfield code="d">New York : The Modern Language Association of America, [2016]</subfield>
      <subfield code="z">9781603292641</subfield>
      <subfield code="w">(DLC) 2015047757</subfield>
    </datafield>
    <datafield ind1=" " ind2=" " tag="910">
      <subfield code="a">MARS</subfield>
    </datafield>
    <datafield ind1=" " ind2=" " tag="940">
      <subfield code="a">OXFD-YBP</subfield>
    </datafield>
    <datafield ind1=" " ind2=" " tag="945">
      <subfield code="a">EMO</subfield>
      <subfield code="b">SRT</subfield>
      <subfield code="2">20160606</subfield>
    </datafield>
    <datafield ind1=" " ind2=" " tag="994">
      <subfield code="a">C0</subfield>
      <subfield code="b">EMU</subfield>
    </datafield>
    <datafield ind1=" " ind2=" " tag="INT">
      <subfield code="a">P</subfield>
    </datafield>
    <datafield ind1=" " ind2=" " tag="INST">
      <subfield code="a">01GALI_EMORY</subfield>
    </datafield>
    <datafield ind1=" " ind2=" " tag="AVA">
      <subfield code="0">9936550118202486</subfield>
      <subfield code="8">22360885950002486</subfield>
      <subfield code="a">01GALI_EMORY</subfield>
      <subfield code="b">UNIV</subfield>
      <subfield code="c">Reference</subfield>
      <subfield code="d">LB2369 .G53 2016</subfield>
      <subfield code="e">available</subfield>
      <subfield code="f">3</subfield>
      <subfield code="g">0</subfield>
      <subfield code="j">REF</subfield>
      <subfield code="k">0</subfield>
      <subfield code="p">1</subfield>
      <subfield code="q">Robert W. Woodruff Library</subfield>
    </datafield>
    <datafield ind1=" " ind2=" " tag="AVA">
      <subfield code="0">9936550118202486</subfield>
      <subfield code="8">22332597410002486</subfield>
      <subfield code="a">01GALI_EMORY</subfield>
      <subfield code="b">OXFD</subfield>
      <subfield code="c">Book Stacks</subfield>
      <subfield code="d">808.207 M6859m</subfield>
      <subfield code="e">available</subfield>
      <subfield code="f">2</subfield>
      <subfield code="g">0</subfield>
      <subfield code="j">STACK</subfield>
      <subfield code="k">1</subfield>
      <subfield code="p">2</subfield>
      <subfield code="q">Oxford College Library</subfield>
    </datafield>
    <datafield ind1=" " ind2=" " tag="AVA">
      <subfield code="0">9936550118202486</subfield>
      <subfield code="8">22319658770002486</subfield>
      <subfield code="a">01GALI_EMORY</subfield>
      <subfield code="b">UNIV</subfield>
      <subfield code="c">Book Stacks</subfield>
      <subfield code="d">LB2369 .G53 2016</subfield>
      <subfield code="e">available</subfield>
      <subfield code="f">3</subfield>
      <subfield code="g">2</subfield>
      <subfield code="j">STACK</subfield>
      <subfield code="k">0</subfield>
      <subfield code="p">3</subfield>
      <subfield code="q">Robert W. Woodruff Library</subfield>
    </datafield>
  </record>
  <requests link="http://www.example.com/almaws/v1/bibs/9936550118202486/requests">1</requests>
</bib>
</bibs>
